@misc{linus-speech,
    author    = "Google",
    title     = "Tech Talk: Linus Torvalds on git",
    url       = "https://www.youtube.com/watch?v=4XpnKHJAok8"
}
@misc{internals-rewrite,
    author    = "Mark Erikson",
    title     = "Git Under the Hood",
    url       = "https://blog.isquaredsoftware.com/presentations/2019-03-git-internals-rewrite/#/0"
}
@misc{cheatsheet,
    author    = "GitHub",
    title     = "Git Cheat Sheet",
    url       = "https://github.github.com/training-kit/downloads/github-git-cheat-sheet.pdf"
}
@misc{scm,
    author    = "Git community",
    title     = "Git --distributed-even-if-your-workflow-isnt",
    url       = "https://git-scm.com"
}
